<?xml version="1.0" encoding="UTF-8"?>
<OAI-PMH xmlns="http://www.openarchives.org/OAI/2.0/" xmlns:xsi="http://www.w3.org/2001/XMLSchema-instance" xsi:schemaLocation="http://www.openarchives.org/OAI/2.0/ http://www.openarchives.org/OAI/2.0/OAI-PMH.xsd">
  <ListRecords>
    <record>
      <header>
        <identifier>aleph-publish:001231060</identifier>
      </header>
      <metadata>
        <record xmlns="http://www.ddb.de/professionell/mabxml/mabxml-1.xsd">
          <leader>00000nM2.01200024------h</leader>
          <controlfield tag="LDR">00000nM2.01200024------h</controlfield>
          <controlfield tag="FMT">MH</controlfield>
          <datafield tag="001" ind1="-" ind2="1">
            <subfield code="a">HT015893779</subfield>
          </datafield>
          <datafield tag="002" ind1="a" ind2="1">
            <subfield code="a">20090408</subfield>
          </datafield>
          <datafield tag="003" ind1="-" ind2="1">
            <subfield code="a">20120815</subfield>
          </datafield>
          <datafield tag="004" ind1="-" ind2="1">
            <subfield code="a">20120301</subfield>
          </datafield>
          <datafield tag="020" ind1="-" ind2="1">
            <subfield code="a">(FR-PaOEC)9789264038493-en</subfield>
            <subfield code="b">OECD</subfield>
          </datafield>
          <datafield tag="025" ind1="-" ind2="1">
            <subfield code="a">9789264038493-en</subfield>
          </datafield>
          <datafield tag="026" ind1="-" ind2="1">
            <subfield code="a">HBZHF000000640</subfield>
          </datafield>
          <controlfield tag="030">a|1uc||||||37</controlfield>
          <datafield tag="037" ind1="b" ind2="1">
            <subfield code="a">eng</subfield>
          </datafield>
          <controlfield tag="050">||||||||g|||||</controlfield>
          <controlfield tag="051">m|||||||</controlfield>
          <datafield tag="070" ind1="-" ind2="1">
            <subfield code="a">OECD</subfield>
          </datafield>
          <datafield tag="070" ind1="a" ind2="1">
            <subfield code="a">OECD</subfield>
          </datafield>
          <datafield tag="078" ind1="e" ind2="1">
            <subfield code="a">ZDB-13-SOC</subfield>
            <subfield code="a">ZDB-13-SOC-ebook</subfield>
          </datafield>
          <datafield tag="086" ind1="-" ind2="1">
            <subfield code="d">9789264033634</subfield>
          </datafield>
          <datafield tag="200" ind1="b" ind2="1">
            <subfield code="a">Organisation for Economic Co-operation and Development</subfield>
          </datafield>
          <datafield tag="204" ind1="b" ind2="1">
            <subfield code="a">The World Bank</subfield>
          </datafield>
          <datafield tag="331" ind1="-" ind2="1">
            <subfield code="a">Cross-border Tertiary Education</subfield>
          </datafield>
          <datafield tag="334" ind1="-" ind2="1">
            <subfield code="a">Elektronische Ressource</subfield>
          </datafield>
          <datafield tag="335" ind1="-" ind2="1">
            <subfield code="a">A Way towards Capacity Development</subfield>
          </datafield>
          <datafield tag="359" ind1="-" ind2="1">
            <subfield code="a">Organisation for Economic Co-operation and Development and The World Bank</subfield>
          </datafield>
          <datafield tag="410" ind1="-" ind2="1">
            <subfield code="a">Washington, DC</subfield>
            <subfield code="a">Paris</subfield>
          </datafield>
          <datafield tag="412" ind1="-" ind2="1">
            <subfield code="a">The World Bank</subfield>
            <subfield code="a">OECD Publishing</subfield>
          </datafield>
          <datafield tag="425" ind1="a" ind2="1">
            <subfield code="a">2007</subfield>
          </datafield>
          <datafield tag="433" ind1="-" ind2="1">
            <subfield code="a">200 p.</subfield>
          </datafield>
          <datafield tag="435" ind1="-" ind2="1">
            <subfield code="a">16x23cm</subfield>
          </datafield>
          <datafield tag="527" ind1="-" ind2="1">
            <subfield code="p">Parallelausg.</subfield>
            <subfield code="a">L'enseignement supérieur transnational : Un levier pour le développement</subfield>
          </datafield>
          <datafield tag="527" ind1="-" ind2="1">
            <subfield code="p">Parallelausg.</subfield>
            <subfield code="a">Cross-border Tertiary Education : A Way towards Capacity Development (Spanish version)</subfield>
          </datafield>
          <datafield tag="540" ind1="a" ind2="1">
            <subfield code="a">9789264038493</subfield>
          </datafield>
          <datafield tag="552" ind1="a" ind2="1">
            <subfield code="a">10.1787/9789264038493-en</subfield>
          </datafield>
          <datafield tag="652" ind1="a" ind2="1">
            <subfield code="a">Online-Ressource</subfield>
          </datafield>
          <datafield tag="655" ind1="e" ind2="1">
            <subfield code="u">http://dx.doi.org/10.1787/9789264038493-en</subfield>
            <subfield code="x">Resolving-System</subfield>
          </datafield>
          <controlfield tag="SYS">001231060</controlfield>
          <datafield tag="LAL" ind1="-" ind2="1">
            <subfield code="a">EDU</subfield>
            <subfield code="b">D0001</subfield>
            <subfield code="b">E0001</subfield>
          </datafield>
          <datafield tag="LAL" ind1="-" ind2="1">
            <subfield code="a">FUH</subfield>
            <subfield code="b">F0001</subfield>
            <subfield code="b">I5001</subfield>
          </datafield>
          <datafield tag="LAL" ind1="-" ind2="1">
            <subfield code="a">LUTIT</subfield>
            <subfield code="b">R5001</subfield>
          </datafield>
          <datafield tag="LAL" ind1="-" ind2="1">
            <subfield code="a">PAD</subfield>
            <subfield code="b">P0001</subfield>
          </datafield>
          <datafield tag="LAL" ind1="-" ind2="1">
            <subfield code="a">TRI</subfield>
            <subfield code="b">T0011</subfield>
          </datafield>
          <datafield tag="LAL" ind1="-" ind2="1">
            <subfield code="a">WUP</subfield>
            <subfield code="b">W0001</subfield>
          </datafield>
          <datafield tag="LAL" ind1="-" ind2="1">
            <subfield code="a">DUE</subfield>
            <subfield code="b">X0001</subfield>
          </datafield>
        </record>
      </metadata>
    </record>
  </ListRecords>
</OAI-PMH>
